<?xml version="1.0" encoding="UTF-8"?><record xmlns="http://www.loc.gov/MARC21/slim" xmlns:cinclude="http://apache.org/cocoon/include/1.0" xmlns:zs="http://www.loc.gov/zing/srw/">
  <leader>00469nz  a2200133n  4500</leader>
  <controlfield tag="001">n 2014000221</controlfield>
  <controlfield tag="003">DLC</controlfield>
  <controlfield tag="005">20140102153247.0</controlfield>
  <controlfield tag="008">140102n| azannaabn          |a aaa      </controlfield>
  <datafield tag="010" ind1=" " ind2=" ">
    <subfield code="a">n 2014000221</subfield>
  </datafield>
  <datafield tag="040" ind1=" " ind2=" ">
    <subfield code="a">DLC</subfield>
    <subfield code="b">eng</subfield>
    <subfield code="c">DLC</subfield>
    <subfield code="e">rda</subfield>
  </datafield>
  <datafield tag="100" ind1="1" ind2=" ">
    <subfield code="a">Chandler, A. Bertram</subfield>
    <subfield code="q">(Arthur Bertram),</subfield>
    <subfield code="d">1912-1984.</subfield>
    <subfield code="t">Short stories.</subfield>
    <subfield code="k">Selections</subfield>
  </datafield>
  <datafield tag="400" ind1="1" ind2=" ">
    <subfield code="a">Chandler, A. Bertram</subfield>
    <subfield code="q">(Arthur Bertram),</subfield>
    <subfield code="d">1912-1984.</subfield>
    <subfield code="t">Upon a sea of stars</subfield>
  </datafield>
  <datafield tag="670" ind1=" " ind2=" ">
    <subfield code="a">Upon a sea of stars, 2014:</subfield>
    <subfield code="b">t.p. (A. Bertram Chandler)</subfield>
  </datafield>
</record>